@book{decrees,
    author    = "James Cracraft",
    title     = "Major Problems in the History of Imperial Russia",
    publisher = "D. C. Heath and Company",
    address   = "Lexington, Massachusetts",
    chapter   = "Petrine Reform Legislation",
    pages     = "110-118"
}

